@article{gost_50922_2006,
    author = {},
    title = {ГОСТ Р 50922-2006},
    subtitle = {Защита информации. Основные термины и определения},
    url = {https://meganorm.ru/Data2/1/4293836/4293836037.pdf},
    year = {2008}
}

@article{gost_34_12_2018,
    author = {},
    title = {ГОСТ Р 34.12-2018},
    subtitle = {Информационная технология. Криптографическая защита информации. Блочные шифры.},
    url = {https://meganorm.ru/Data2/1/4293732/4293732907.pdf},
    year = {2008}
}

@article{gost_60050_732_2017,
    author = {},
    title = {ГОСТ IEC 60050-732-2017},
    subtitle = {Международный электротехнический словарь. Часть 732. Технологии компьютерных сетей.},
    url = {https://meganorm.ru/Data/740/74056.pdf},
    year = {2024}
}

@article{pp313,
    author = {},
    title = {Постановление Правительства РФ от 16.04.2012 N 313},
    subtitle = {(ред. от 18.05.2017)},
    url = {https://ivo.garant.ru/#/document/70164728},
    year = {2017}
}

@article{iso_7498_1,
    author = {},
    title = {ISO/IEC 7498-1},
    subtitle = {1994(E)},
    url = {},
    year = {1996}
}

@article{rfc1180,
    series =    {Request for Comments},
    number =    {1180},
    publisher = {RFC Editor},
    doi =       {10.17487/RFC1180},
    url =       {https://www.rfc-editor.org/info/rfc1180},
    author =    {Claudia Jeanne Kale and Theodore John Socolofsky},
    title =     {{TCP/IP tutorial}},
    pagetotal = {28},
    year =      {1991},
    month =     {jan},
    abstract =  {This RFC is a tutorial on the TCP-IP protocol suite, focusing particularly on the steps in forwarding an IP datagram from source host to destination host through a router. It does not specify an Internet standard.},
}

@article{dual_ec_backdoor,
    author = {Daniel J.  Bernstein and Tanja Lange and Ruben Niederhagen},
    title = {Dual {EC}: A Standardized Back Door},
    howpublished = {Cryptology {ePrint} Archive, Paper 2015/767},
    year = {2015},
    url = {https://eprint.iacr.org/2015/767}
}

@article{wireguard_analysis,
    author = {Peter Wu},
    title = {Analysis of the WireGuard protocol},
    year = {2019},
    url = {https://research.tue.nl/files/130180306/Peter.Wu_Wireguard_thesis_final.pdf}
}

@article{wireguard,
    author = {Jason A. Donenfeld},
    title = {WireGuard},
    subtitle = {Next Generation Kernel Network Tunnel},
    year = {2020},
    url = {https://www.wireguard.com/papers/wireguard.pdf}
}

@misc{crypto_api_doc,
    author = {Stephan Mueller and Marek Vasut},
    title = {Linux Crypto API Documentation},
    url = {https://www.kernel.org/doc/html/v4.14/crypto/index.html}
}

@misc{netlink_doc,
    author = {{The kernel development community}},
    title = {Introduction to Netlink},
    url = {https://docs.kernel.org/userspace-api/netlink/intro.html}
}

@misc{kernel_modules_doc,
    author = {{The kernel development community}},
    title = {Kernel modules},
    url = {https://linux-kernel-labs.github.io/refs/heads/master/labs/kernel_modules.html}
}
